<collection xmlns="http://www.loc.gov/MARC21/slim">
<record>
  <leader>01151nam0a22002171i 450 </leader>
  <controlfield tag="001">IT\ICCU\CNCE\029668</controlfield>
  <controlfield tag="005">19971121000000.0</controlfield>
  <datafield tag="100" ind1=" " ind2=" ">
    <subfield code="a">19971121d1521        0itac0103    ba</subfield>
  </datafield>
  <datafield tag="101" ind1=" " ind2=" ">
    <subfield code="a">LAT</subfield>
  </datafield>
  <datafield tag="102" ind1=" " ind2=" ">
    <subfield code="a">IT</subfield>
  </datafield>
  <datafield tag="200" ind1="1" ind2=" ">
    <subfield code="a">Repertorium Felyni. Aureum repertorium ad omnia opera Felyni Sandei ferrari$59$sis longe meliori ordine qu$46$ antea fuerit per ... Celsum Bisutum Cabilonensim Burgundum elucubratum impressum pr$AC$o Lugduni nunc vero dilig$59$ti studio per d. Paul$8A$ Rhosell$8A$ auctum expolit$8A$ et ad hanc venet$46$ impressionem accomodatum</subfield>
  </datafield>
  <datafield tag="210" ind1=" " ind2=" ">
    <subfield code="a">(Venetiis</subfield>
    <subfield code="c">in edibus Gregorii de Gregoriis</subfield>
    <subfield code="d">1521 die XX decembris!</subfield>
  </datafield>
  <datafield tag="215" ind1=" " ind2=" ">
    <subfield code="a">142 c.</subfield>
    <subfield code="d">fol</subfield>
  </datafield>
  <datafield tag="620" ind1=" " ind2=" ">
    <subfield code="a">IT</subfield>
    <subfield code="d">Venezia</subfield>
  </datafield>
  <datafield tag="700" ind1=" " ind2="1">
    <subfield code="a">Sandeo,</subfield>
    <subfield code="b">Felino Maria</subfield>
    <subfield code="3">IT\ICCU\CNCA\002167</subfield>
  </datafield>
  <datafield tag="712" ind1="0" ind2="0">
    <subfield code="a">De_Gregori, Gregorio</subfield>
    <subfield code="3">IT\ICCU\CNCT\000087</subfield>
    <subfield code="4">650</subfield>
  </datafield>
  <datafield tag="791" ind1="0" ind2="0">
    <subfield code="a">Gregoriis, Gregorius de</subfield>
    <subfield code="3">IT\ICCU\CNCT\003749</subfield>
    <subfield code="z">De_Gregori, Gregorio</subfield>
  </datafield>
  <datafield tag="791" ind1="0" ind2="0">
    <subfield code="a">Gregori, Gregorio de</subfield>
    <subfield code="3">IT\ICCU\CNCT\004572</subfield>
    <subfield code="z">De_Gregori, Gregorio</subfield>
  </datafield>
  <datafield tag="791" ind1="0" ind2="0">
    <subfield code="a">Grigorii, Gregorio de</subfield>
    <subfield code="3">IT\ICCU\CNCT\004573</subfield>
    <subfield code="z">De_Gregori, Gregorio</subfield>
  </datafield>
  <datafield tag="801" ind1=" " ind2="3">
    <subfield code="a">IT</subfield>
    <subfield code="b">ICCU</subfield>
    <subfield code="c">20201114</subfield>
  </datafield>
  <datafield tag="899" ind1=" " ind2=" ">
    <subfield code="a">Biblioteca francescano-cappuccina provinciale. Milano</subfield>
    <subfield code="1">MI0183</subfield>
    <subfield code="2">ZMI 51</subfield>
  </datafield>
</record>
</collection>
